% -------------------------------------------------------------------------------------
% Lógica
% -------------------------------------------------------------------------------------
@Book{joaoPavao2014,
  title     		= {{Lógica e Raciocínio}},
  publisher 		= {College Publications},
  year      		= {2014},
  author    		= {Martins, João Paiva},
}

@Book{bimbo2019,
  title     		= {{Combinatory Logic: Pure, Applied and Typed},},
  publisher 		= {{Chapman and Hall/CRC}},
  year      		= {2019},
  author    		= {Bimbó, Katalin},
}

@Book{ayala2014,
  title         = {{Fundamentos da Programação Lógica e Funcional -- O princípio de Resolução e a Teoria de Reescrita}},
  publisher     = {Editora UnB},
  year          = {2014},
  author        = {Ayala-Rincón, Mauricio and de Moura, F L Cavalcanti},
}

% -------------------------------------------------------------------------------------
% Cálculo Lambda e reescrita
% -------------------------------------------------------------------------------------
@Book{henk1992,
  title     		= {{Lambda Calculi with Types}},
  publisher 		= {Oxford: Clarendon Press},
  year      		= {1992},
  author    		= {Barendregt, Henk P},
}

@Book{bare1984,
  title     		= {{The Lambda Calculus Its Syntax and Semantics}},
  publisher 		= {Elsevier},
  year      		= {1984},
  author    		= {Barendregt, H. P.},
}

% -------------------------------------------------------------------------------------
% Linguagens (em sentido genérico) e Compiladores
% -------------------------------------------------------------------------------------
@Book{aho2007,
  title     		= {{Compiladores: Princípios, Técnicas e ferramentas}},
  publisher 		= {Editora Pearson},
  year      		= {2007},
  author    		= {AHO, Alfred V and LAM, Monica S and SETHI, Ravi and ULLMAN, Jeffrey D},
  edition   		= {2},
}

@Book{cooper2017,
  title     		= {{Construindo Compiladores}},
  publisher 		= {Elsevier Brasil},
  year      		= {2017},
  author    		= {Cooper, Keith and Torczon, Linda},
  volume    		= {1},
}


% -------------------------------------------------------------------------------------
% Computabilidade
% -------------------------------------------------------------------------------------
@Book{linz2006,
  title     		= {{An Introduction to Formal Languages and Automata}},
  publisher 		= {Jones \& Bartlett Learning},
  year      		= {2006},
  author    		= {Linz, Peter},
  address   		= {New York},
}

@Book{benjaLivro2010,
  title     		= {{Introdução à Teoria da Computação: Linguagens Formais, Autômatos e Computabilidade}},
  publisher 		= {Editora UnP},
  year      		= {2010},
  author    		= {Bedregal, Benjamín and Acióly, B M and Lyra, A},
  address   		= {Natal},
}

@book{hopcroft2008,
	title					= {{Introduction to Automata Theory, Languages and Computation}},
	author				= {Hopcroft, John E and Motwani, Rajeev and Ullman, Jeffrey D.},
	edition 			= {3ª},
	publisher			= {Pearson Education India},
	year					= {2008},
	Address  			= {USA}
}

@book{yuri1993hilbert,
	title					= {Hilbert's tenth problem},
	author				= {Matiyasevich, Yuri V and Matijasevi{\v{c}}, Jurij V and Mati{\^a}sevi{\v{c}}, {\^U}rij Vladimirovi{\v{c}} and Matiyasevich, Yuri V and Matiyasevich, Yuri Vladimirovich and Garey, Michael R and Meyer, Albert},
	year					= {1993},
	publisher			= {MIT press}
}

@Book{sernadas2006,
  title         = {{Fundamentos de Lógica e Teoria da Computação}},
  publisher     = {College Publications},
  year          = {2012},
  author        = {Sernadas, Am{\i}lcar and Sernadas, Cristina},
  note          = {Coleção: Cadernos de Lógica e Computação},
}

@Book{menezes1998LFA,
  title         = {{Linguagens Formais e Autômatos}},
  publisher     = {Sagra-Dcluzzato},
  year          = {1998},
  author        = {Menezes, Paulo B.},
}

@Book{martin2003,
  title         = {{Introduction to Languages and The Theory of Computation}},
  publisher     = {McGraw Hill},
  year          = {2003},
  author        = {Martin, John C.},
  edition       = {4ª Edição},
}

@Book{scott1971,
  title         = {Toward a mathematical semantics for computer languages},
  publisher     = {{Oxford University Computing Laboratory, Programming Research Group Oxford}},
  year          = {1971},
  author        = {Scott, Dana S and Strachey, Christopher},
  volume        = {1},
}

@Book{carroll1989,
  title         = {{Theory of finite automata: with an introduction to formal languages}},
  publisher     = {Prentice Hall Upper Saddle River, NJ},
  year          = {1989},
  author        = {Carroll, John and Long, Darrell},
  address       = {New Jersey},
  edition       = {2ª Edition},
}

@Book{erickson2014,
  title         = {Models of computation},
  author        = {Erickson, Jeff},
  publisher     = {\url{http://jeffe.cs.illinois.edu/teaching/algorithms/}},
  note					= {Não publicado},
  year          = {2014}
}

% -------------------------------------------------------------------------------------
% Conjuntos
% -------------------------------------------------------------------------------------
@Book{lipschutz1978-TC,
  title     		= {{Teoria dos Conjuntos}},
  publisher 		= {McGraw-Hill do Brasil - LTDA/MEC},
  year      		= {1978},
  author    		= {Lipschutz, Seymour},
}

@Book{abe1991-TC,
  title     		= {{Teoria Intuitiva dos Conjuntos}},
  publisher 		= {MAKRON \textit{Books}},
  year      		= {1991},
  author    		= {Abe, Jair Minoro and Papavero, Nelson},
}

% -------------------------------------------------------------------------------------
% Inferência gramatical e Learn Automata
% -------------------------------------------------------------------------------------
@Book{de2010,
  title         = {{Grammatical inference: Learning Automata and Grammars}},
  publisher     = {Cambridge University Press},
  year          = {2010},
  author        = {De la Higuera, Colin},
  address       = {London},
}

% -------------------------------------------------------------------------------------
% Matemática Discreta
% -------------------------------------------------------------------------------------
@Book{lipschutz2013-MD,
  title     		= {{Matemática Discreta}},
  publisher 		= {Bookman Editora},
  year      		= {2013},
  author    		= {Lipschutz, Seymour and Lipson, Marc},
  note      		= {Coleção Schaum},
}


% -------------------------------------------------------------------------------------
% Teoria da prova
% -------------------------------------------------------------------------------------
@Book{buss1998,
  title         = {Handbook of proof theory},
  publisher     = {Elsevier},
  year          = {1998},
  author        = {Buss, Samuel R},
}