% -------------------------------------------------------------------------------------
% Computabilidade
% -------------------------------------------------------------------------------------
@Article{turing1937,
  author        = {Turing, Alan Mathison},
  title         = {{On Computable Numbers, with an Application to the Entscheidungsproblem}},
  journal       = {Proceedings of the London mathematical society},
  year          = {1937},
  volume        = {2},
  number        = {1},
  pages         = {230-265},
}


@Article{mcculloch1943,
  author        = {McCulloch, Warren S and Pitts, Walter},
  title         = {{A logical calculus of the ideas immanent in nervous activity}},
  journal       = {{The Bulletin of Mathematical Biophysics}},
  year          = {1943},
  volume        = {5},
  number        = {4},
  pages         = {115-133},
}

@Article{mealy1955,
  author        = {Mealy, George H},
  title         = {{A method for synthesizing sequential circuits}},
  journal       = {The Bell System Technical Journal},
  year          = {1955},
  volume        = {34},
  number        = {5},
  pages         = {1045-1079},
}

@Article{moore1956,
  author        = {Moore, Edward F},
  title         = {{Gedanken-experiments on sequential machines}},
  journal       = {{Automata Studies}},
  year          = {1956},
  volume        = {34},
  pages         = {129-153},
}

@Article{rabin1959,
  author        = {Rabin, Michael O and Scott, Dana},
  title         = {{Finite automata and their decision problems}},
  journal       = {{IBM Journal of Research and Development}},
  year          = {1959},
  volume        = {3},
  number        = {2},
  pages         = {114-125},
}

@Article{rabin1963,
  author        = {Rabin, Michael O},
  title         = {{Probabilistic automata}},
  journal       = {{Information and Control}},
  year          = {1963},
  volume        = {6},
  number        = {3},
  pages         = {230-245},
}

@Article{chomsky1956,
  author        = {Chomsky, Noam},
  title         = {Three models for the description of language},
  journal       = {IRE Transactions on information theory},
  year          = {1956},
  volume        = {2},
  number        = {3},
  pages         = {113-124},
  publisher     = {IEEE},
}

@Article{benja-2011,
  author        = {Bedregal, Benjamín},
  title         = {{$\lambda$-ALN: Autômatos Lineares Não-determinísticos com $\lambda$-Transições}},
  journal       = {{TEMA - Tendências em Matemática Aplicada e Computacional}},
  year          = {2011},
  volume        = {12},
  number        = {3},
  pages         = {171-182},
}

@Article{benja-2015,
  author        = {Bedregal, Benjamín},
  title         = {{Nondeterministic Linear Automata and a Class of Deterministic Linear Languages}},
  journal       = {Preliminary Proceedings LSFA},
  year          = {2015},
  pages         = {183-196},
}

@Article{nerode1958,
  author        = {Nerode, Anil},
  title         = {{Linear automaton transformations}},
  journal       = {{Proceedings of the American Mathematical Society}},
  year          = {1958},
  volume        = {9},
  number        = {4},
  pages         = {541-544},
}

@Article{myhill1957-isomorfismo,
  author        = {Myhill, John},
  title         = {Creative sets},
  journal       = {Journal of Symbolic Logic},
  year          = {1957},
  volume        = {22},
  number        = {1},
}

@Article{rice1953-teorema-Rice,
  author        = {Rice, Henry Gordon},
  title         = {{Classes of recursively enumerable sets and their decision problems}},
  journal       = {Transactions of the American Mathematical Society},
  year          = {1953},
  volume        = {74},
  number        = {2},
  pages         = {358-366},
}

@article{han2005,
  title         = {The generalization of generalized automata: Expression automata},
  author        = {Han, Yo-Sub and Wood, Derick},
  journal       = {International Journal of Foundations of Computer Science},
  volume        = {16},
  number        = {03},
  pages         = {499--510},
  year          = {2005},
  publisher     = {World Scientific}
}