% -------------------------------------------------------------------------------------
% Computabilidade
% -------------------------------------------------------------------------------------
@InProceedings{farias2017,
  author        = {Farias, Antonio Diego S and Costa, Valdigleis S and Santiago, Regivan H N and Bedregal, Benjamín},
  title         = {{A Residuated Function in a Class of Mealy Type $\mathcal{L}$-Valued Finite Automaton}},
  booktitle     = {Fuzzy Information Processing Society (NAFIPS), 2016 Annual Conference of the North American},
  year          = {2016},
  pages         = {1-6},
  address       = {El Paso, TX, USA},
  organization  = {IEEE},
}


% -------------------------------------------------------------------------------------
% Lógica
% -------------------------------------------------------------------------------------
@InProceedings{avigad1998,
  author        = {Avigad, Jeremy},
  title         = {Handbook of proof theory},
  booktitle     = {Studies in Logic and the Foundations of Mathematics, ch},
  year          = {1998},
  organization  = {Citeseer},
}