% -------------------------------------------------------------------------------------
% Lógica
% -------------------------------------------------------------------------------------
@unpublished{benja-Logica,
	author 				= {Bedregal, Benjamín and Acióly, B M},
	note   				= {Notas de Aula},
	title  				= {Introdução à Lógica Clássica para a Ciência da Computação},
	year   				= {2007}
}